@article{Walsberg:2000uu,
author = {Walsberg, GE},
title = {{Small mammals in hot deserts: Some generalizations revisited}},
journal = {Bioscience},
year = {2000},
volume = {50},
number = {2},
pages = {109--120}
}
@article{Tatum:2009kp,
author = {Tatum, R and Zhang, Y and Salleng, K and Lu, Z and Lin, J J and Lu, Q and Jeansonne, B G and Ding, L and Chen, Y H},
title = {{Renal salt wasting and chronic dehydration in claudin-7-deficient mice}},
journal = {AJP: Renal Physiology},
year = {2009},
volume = {298},
number = {1},
pages = {F24--F34},
month = dec
}
@article{Romero:2007fs,
author = {Romero, D G and Plonczynski, M W and Welsh, B L and Gomez-Sanchez, C E and Zhou, M Y and Gomez-Sanchez, E P},
title = {{Gene expression profile in rat adrenal zona glomerulosa cells stimulated with aldosterone secretagogues}},
journal = {Physiological Genomics},
year = {2007},
volume = {32},
number = {1},
pages = {117--127},
month = oct
}
@article{Rojek:2006dg,
author = {Rojek, A and Rojek, A and Fuchtbauer, EM and Fuchtbauer, EM and Kwon, TH and Kwon, TH and Frokiaer, J and Nielsen, S},
title = {{Severe urinary concentrating defect in renal collecting duct-selective AQP2 conditional-knockout mice}},
journal = {Proceedings of The National Academy of Sciences of The United States of America},
year = {2006},
volume = {103},
number = {15},
pages = {6037--6042}
}
@article{NIELSEN:1995uq,
author = {Nielsen, S and Chou, CL and Marples, D and Christensen, EI and Kishore, BK and Knepper, MA},
title = {{Vasopressin increases water permeability of kidney collecting duct by inducing translocation of Aquaporin-CD water channels to plasma-membrane}},
journal = {Proceedings of The National Academy of Sciences of The United States of America},
year = {1995},
volume = {92},
number = {4},
pages = {1013--1017}
}
@article{Mobasheri:2007tt,
author = {Mobasheri, Ali and Marples, David and Young, Iain S and Floyd, Rachel V and Moskaluk, Christopher A and Frigeri, Antonio},
title = {{Distribution of the AQP4 Water Channel in Normal Human Tissues: Protein and Tissue Microarrays Reveal Expression in Several New Anatomical Locations, including the Prostate Gland Seminal Vesicles}},
journal = {Channels},
year = {2007},
volume = {1},
number = {1},
pages = {30--39},
month = jan
}
@article{Bedford:2003wa,
author = {Bedford, Jennifer J and Leader, John P and Walker, Robert J},
title = {{Aquaporin expression in normal human kidney and in renal disease.}},
journal = {Journal of the American Society of Nephrology},
year = {2003},
volume = {14},
number = {10},
pages = {2581--2587},
month = oct
}
@article{NIELSEN:1999vg,
author = {Nielsen, S and Kwon, T H and Christensen, B M and Promeneur, D and Fr{\o}kiaer, J and Marples, D},
title = {{Physiology and pathophysiology of renal aquaporins.}},
journal = {Journal of the American Society of Nephrology},
year = {1999},
volume = {10},
number = {3},
pages = {647--663},
month = mar
}
@article{Gallardo:2005fm,
author = {Gallardo, Pedro A and Cort{\'e}s, Arturo and Bozinovic, Francisco},
title = {{Phenotypic flexibility at the molecular and organismal level allows desert-dwelling rodents to cope with seasonal water availability.}},
journal = {Physiological and Biochemical Zoology},
year = {2005},
volume = {78},
number = {2},
pages = {145--152},
month = mar
}
@article{Kaissling:1975uu,
author = {Kaissling, B and De Rouffignac, C and Barrett, J M and Kriz, W},
title = {{The structural organization of the kidney of the desert rodent \textit{Psammomys obesus}}},
journal = {Anatomy and Embryology},
year = {1975},
volume = {148},
number = {2},
pages = {121--143},
month = dec
}
@article{Altschuler:1979du,
author = {Altschuler, E M and Nagle, R B and Braun, E J and Lindstedt, S L and Krutzsch, P H},
title = {{Morphological study of the desert heteromyid kidney with emphasis on the genus \textit{Perognathus}}},
journal = {The Anatomical Record},
year = {1979},
volume = {194},
number = {3},
pages = {461--468},
month = jul
}
@article{Marra:2014de,
author = {Marra, Nicholas J and Romero, Andrea and DeWoody, J Andrew},
title = {{Natural selection and the genetic basis of osmoregulation in heteromyid rodents as revealed by RNA-seq}},
journal = {Molecular Ecology},
year = {2014},
volume = {23},
number = {11},
pages = {2699--2711},
month = may
}
@article{Giorello:2014iv,
author = {Giorello, Facundo M and Feijoo, Matias and D'El{\'\i}a, Guillermo and Valdez, Lourdes and Opazo, Juan C and Varas, Valeria and Naya, Daniel E and Lessa, Enrique P},
title = {{Characterization of the kidney transcriptome of the South American olive mouse \textit{Abrothrix olivacea}.}},
journal = {BMC Genomics},
year = {2014},
volume = {15},
number = {1},
pages = {446}
}
@article{Veal:2001vp,
author = {Veal, R and Caire, W},
title = {{\textit{Peromyscus} \textit{eremicus}}},
journal = {Mammalian Species},
year = {2001},
volume = {118},
pages = {1--6},
month = dec
}
@article{Bradley:2007jo,
author = {Feng, Bing-Jian and Sun, Liang-Dan and Soltani-Arabshahi, Razieh and Bowcock, Anne M and Nair, Rajan P and Stuart, Philip and Elder, James T and Schrodi, Steven J and Begovich, Ann B and Abecasis, Gon{\c c}alo R and Zhang, Xue-Jun and Callis-Duffin, Kristina P and Krueger, Gerald G and Goldgar, David E},
title = {{Toward a Molecular Phylogeny for \textit{Peromyscus}: Evidence from Mitochondrial Cytochrome- b Sequences}},
journal = {Journal of Mammalogy},
year = {2007},
volume = {88},
number = {5},
pages = {1146--1159},
month = oct
}
@article{Shorter:2014kw,
author = {Shorter, Kimberly R and Owen, Amy and Anderson, Vanessa and Hall-South, April C and Hayford, Samantha and Cakora, Patricia and Crossland, Janet P and Georgi, Velina R M and Perkins, Amy and Kelly, Sandra J and Felder, Michael R and Vrana, Paul B},
title = {{Natural genetic variation underlying differences in \textit{Peromyscus} repetitive and social/aggressive behaviors.}},
journal = {Behavior genetics},
year = {2014},
volume = {44},
number = {2},
pages = {126--135},
month = mar
}
@article{Panhuis:2011co,
author = {Panhuis, Tami M. and Broitman-Maduro, Gina and Uhrig, Jarrod and Maduro, Morris and Reznick, David N.},
title = {{Analysis of Expressed Sequence Tags from the Placenta of the Live-Bearing Fish \textit{Poeciliopsis} (Poeciliidae)}},
journal = {Journal of Heredity},
year = {2011},
volume = {102},
number = {3},
pages = {352--361}
}
@article{Shorter:2012ib,
author = {Shorter, Kimberly R and Crossland, Janet P and Webb, Denessia and Szalai, Gabor and Felder, Michael R and Vrana, Paul B},
title = {{\textit{Peromyscus} as a Mammalian Epigenetic Model}},
journal = {Genetics Research International},
year = {2012},
volume = {2012},
pages = {1--11}
}
@article{Sikes:2011dz,
author = {Sikes, Robert S and Gannon, William L and {Animal Care and Use Committee of the American Society of Mammalogists}},
title = {{Guidelines of the American Society of Mammalogists for the use of wild mammals in research}},
journal = {Journal of Mammalogy},
year = {2011},
volume = {92},
number = {1},
pages = {235--253},
month = feb
}
@article{Heo:2014cb,
author = {Heo, Yun and Wu, Xiao-Long and Chen, Deming and Ma, Jian and Hwu, Wen-Mei},
title = {{BLESS: Bloom filter-based error correction solution for high-throughput sequencing reads.}},
journal = {Bioinformatics},
year = {2014},
volume = {30},
number = {10},
pages = {1354--1362},
month = may
}
@article{MacManes:2014io,
author = {MacManes, M D},
title = {{On the optimal trimming of high-throughput mRNA sequence data}},
journal = {Frontiers in Genetics},
year = {2014},
volume = {5},
pages = {1--13}
}
@article{Christoffels:2014bg,
author = {Mbandi, Stanley Kimbung and Hesse, Uljana and Rees, D Jasper G and Christoffels, Alan},
title = {{A glance at quality score: Implication for \textit{de novo} transcriptome reconstruction of Illumina reads.}},
journal = {Frontiers in Genetics},
year = {2014},
volume = {5},
pages = {1--17}
}
@article{Lohse:2012fg,
author = {Lohse, Marc and Bolger, Anthony M and Nagel, Axel and Fernie, Alisdair R and Lunn, John E and Stitt, Mark and Usadel, Bj{\"o}rn},
title = {{RobiNA: A user-friendly, integrated software solution for RNA-Seq-based transcriptomics.}},
journal = {Nucleic Acids Research},
year = {2012},
volume = {40},
number = {1},
pages = {W622--7},
month = jul
}
@article{Haas:2013jq,
author = {Haas, Brian J and Papanicolaou, Alexie and Yassour, Moran and Grabherr, Manfred and Blood, Philip D and Bowden, Joshua and Couger, Matthew Brian and Eccles, David and Li, Bo and Lieber, Matthias and MacManes, Matthew D and Ott, Michael and Orvis, Joshua and Pochet, Nathalie and Strozzi, Francesco and Weeks, Nathan and Westerman, Rick and William, Thomas and Dewey, Colin N and Henschel, Robert and Leduc, Richard D and Friedman, Nir and Regev, Aviv},
title = {{\textit{De novo} transcript sequence reconstruction from RNA-seq using the Trinity platform for reference generation and analysis.}},
journal = {Nature Protocols},
year = {2013},
volume = {8},
number = {8},
pages = {1494--1512},
month = aug
}
@article{Pop:2009dp,
author = {Pop, M},
title = {{Genome assembly reborn: Recent computational challenges}},
journal = {Briefings In Bioinformatics},
year = {2009},
volume = {10},
number = {4},
pages = {354--366},
month = jun
}
@article{Li:2006hr,
author = {Li, Weizhong and Godzik, Adam},
title = {{Cd-hit: A fast program for clustering and comparing large sets of protein or nucleotide sequences.}},
journal = {Bioinformatics},
year = {2006},
volume = {22},
number = {13},
pages = {1658--1659},
month = jul
}
@article{MacManes:2012bu,
author = {MacManes, Matthew D and Lacey, Eileen A},
title = {{The Social Brain: Transcriptome Assembly and Characterization of the Hippocampus from a Social Subterranean Rodent, the Colonial Tuco-Tuco (\textit{Ctenomys} \textit{sociabilis})}},
journal = {PLOS ONE},
year = {2012},
volume = {7},
number = {9},
pages = {e45524},
month = sep
}
@article{Camacho:2009fc,
author = {Camacho, Christiam and Coulouris, George and Avagyan, Vahram and Ma, Ning and Papadopoulos, Jason and Bealer, Kevin and Madden, Thomas L},
title = {{BLAST+: architecture and applications}},
journal = {BMC Bioinformatics},
year = {2009},
volume = {10},
number = {1},
pages = {421}
}
@article{Mi:2004iv,
author = {Mi, H},
title = {{The PANTHER database of protein families, subfamilies, functions and pathways}},
journal = {Nucleic Acids Research},
year = {2004},
volume = {33},
number = {1},
pages = {D284--D288},
month = dec
}
@article{Wheeler:2013gj,
author = {Wheeler, T J and Eddy, S R},
title = {{nhmmer: DNA homology search with profile HMMs}},
journal = {Bioinformatics},
year = {2013},
volume = {29},
number = {19},
pages = {2487--2489},
month = sep
}
@article{Punta:2012ko,
author = {Punta, M and Coggill, P C and Eberhardt, R Y and Mistry, J and Tate, J and Boursnell, C and Pang, N and Forslund, K and Ceric, G and Clements, J and Heger, A and Holm, L and Sonnhammer, E L L and Eddy, S R and Bateman, A and Finn, R D},
title = {{The Pfam protein families database.}},
journal = {Nucleic Acids Research},
year = {2012},
volume = {40},
pages = {D290--301},
month = jan
}
@article{Li:2013wn,
author = {Li, H},
title = {{Aligning sequence reads, clone sequences and assembly contigs with BWA-MEM}},
journal = {arXiv},
year = {2013},
eprint = {5055055027372173530related:2iiSusMpJ0YJ},
eprinttype = {scholar},
url = {\url{http://arxiv.org/abs/1303.3997}}
}
@article{Roberts:2012dh,
author = {Roberts, Adam and Pachter, Lior},
title = {{Streaming fragment assignment for real-time analysis of sequencing experiments.}},
journal = {Nature Methods},
year = {2013},
volume = {10},
number = {1},
pages = {71--73}
}
@article{Korneliussen:2013uz,
author = {Korneliussen, Thorfinn Sand Moltke, Ida and Albrechtsen, anders and Nielsen, Rasmus},
title = {{Calculation of Tajima's D and other neutrality test statistics from low depth next-generation sequencing data}},
journal = {BMC Bioinformatics},
year = {2013},
volume = {14},
number = {1},
pages = {289}
}
@article{Ranwez:2011kj,
author = {Ranwez, Vincent and Harispe, S{\'e}bastien and Delsuc, Fr{\'e}d{\'e}ric and Douzery, Emmanuel J P},
title = {{MACSE: Multiple Alignment of Coding SEquences Accounting for Frameshifts and Stop Codons}},
journal = {PLOS ONE},
year = {2011},
volume = {6},
number = {9},
pages = {e22594},
month = sep
}
@article{Aubry:2014en,
author = {Aubry, Sylvain and Kelly, Steven and K{\"u}mpers, Britta M C and Smith-Unna, Richard D and Hibberd, Julian M},
title = {{Deep Evolutionary Comparison of Gene Expression Identifies Parallel Recruitment of Trans-Factors in Two Independent Origins of C4 Photosynthesis}},
journal = {PLOS Genetics},
year = {2014},
volume = {10},
number = {6},
pages = {e1004365},
month = jun
}
@article{Yang:2011bm,
author = {Yang, Ziheng and dos Reis, Mario},
title = {{Statistical Properties of the Branch-Site Test of Positive Selection}},
journal = {Molecular Biology and Evolution},
year = {2011},
volume = {28},
number = {3},
pages = {1217--1228}
}
@article{Yang:2007ki,
author = {Yang, Z},
title = {{PAML 4: Phylogenetic Analysis by Maximum Likelihood}},
journal = {Molecular Biology and Evolution},
year = {2007},
volume = {24},
number = {8},
pages = {1586--1591},
month = apr
}
@article{Chamary:2006db,
author = {Chamary, J V and Parmley, Joanna L and Hurst, Laurence D},
title = {{Hearing silence: Non-neutral evolution at synonymous sites in mammals}},
journal = {Nature Reviews Genetics},
year = {2006},
volume = {7},
number = {2},
pages = {98--108},
month = feb
}
@article{Vijay:2012gy,
author = {Vijay, Nagarjun and Poelstra, Jelmer W and K{\"u}nstner, Axel and Wolf, Jochen B W and Wolf, Jochen B W},
title = {{Challenges and strategies in transcriptome assembly and differential gene expression quantification. A comprehensive \textit{in silico} assessment of RNA-seq experiments}},
journal = {Molecular Ecology},
year = {2013},
volume = {22},
number = {3},
pages = {620--634},
month = feb
}
@article{Lowe:2014iv,
author = {Lowe, Elijah K and Swalla, B J and Brown, C Titus},
title = {{Evaluating a lightweight transcriptome assembly pipeline on two closely related Ascidian species}},
journal = {PeerJ Preprints},
year = {2014},
pages = {1--11},
month = sep,
url = {\url{https://peerj.com/preprints/505/}}
}
@article{Bolger:2014ek,
author = {Bolger, Anthony M and Lohse, Marc and Usadel, Bjoern},
title = {{Trimmomatic: a flexible trimmer for Illumina sequence data}},
journal = {Bioinformatics},
year = {2014},
volume = {30},
number = {15},
pages = {btu170--2120},
month = apr
}